@article{epa,
  author={David B. Dahl and
          Ryan Day and
          Jerry W. Tsai},
  year={2014},
  title={Random Partition Distribution Indexed by Pairwise Information},
  journal={},
  volume={},
  pages={},
  keywords={Bayesian nonparametrics, product partition model, Chinese
            restaurant process, nonexchangeable prior, cluster analysis},
}

@article{ibp,
  author={Thomas L. Griffiths and Zoublin Ghahramani},
  year={2011},
  title={The Indian Buffet Process: An Introduction and Review},
  journal={Journal of Machine Learning Research},
  volume={12},
  pages={1185-1224},
  keywords={Nonparametric Bayes, Markov chain Monte Carlo, latent variable models,
            Chinese restaurant process, beta process, exchangeable distributions,
            sparse binary matrices},
}


@article{ddcrp,
  author={David M. Blei and Peter I. Frazier},
  year={2011},
  title={Distance Dependent Chinese Restaurant Process},
  journal={Journal of Machine Learning Research},
  volume={12},
  pages={2383-2410},
  keywords={hinese restaurant process, Bayesian nonparametrics},
}

@article{ddibp,
  author={Samuel J. Gershman and Peter I. Frazier and David M. Blei},
  year={2012},
  title={Distance Dependent Infinite Latent Feature Models},
  journal={arXiv:1110.5454v2},
  volume={},
  pages={},
  keywords={Bayesian nonparametrics, dimensionality reduction, matrix factorization},
}

@article{neal,
  author={Radford M. Neal},
  year={2000},
  title={Markov Chain Sampling Methods for Dirichlet Process Mixture Models},
  journal={Journal of Computational and Graphical Statistics},
  volume={9},
  pages={249-265},
  keywords={Auxilliary variable methods; Density estimation; Latent class models;
            Monte Carlo; Metropolis-Hasting algorithm},
}

