@article{ansc:1964,
  author={Francis John Anscombe},
  year={1964},
  title={Normal likelihood functions},
  journal={Annals of the Institute of Statistical Mathematics},
  volume={26},
  pages={1--19},
  keywords={likelihood},
}
@article{audi:clav:1997,
  author={Stephane Audic
         and Jean-Michel Claverie},
  year={1997},
  title={The significance of digital gene expression profiles},
  journal={Genome Research},
  volume={7},
  pages={986--995},
  keywords={SAGE, two-sample test},
}